@online{Wiki:ARDrone,
	title = {Parrot AR.Drone 2.0 flying},
	author = {Nicolas Halftermeyerc},
	url = {http://en.wikipedia.org/wiki/File:Parrot_AR.Drone_2.JPG},
}

@online{Wolfram:ChanVese,
	title = {Chan\uppercase{V}ese\uppercase{B}inarize},
	organization = {Wolfram},
	url = {http://reference.wolfram.com/mathematica/ref/ChanVeseBinarize.html}
}

@online{Google:GoogleEarthSpec,
	title = {Google \uppercase{E}arth Release Notes},
	author = {Google},
	url = {https://support.google.com/earth/answer/40901},
}

@online{OpenCV:HomePage,
	title = {OpenCV},
	organization = {WillowGarage},
	url = {http://opencv.org/}
}

@online{Dersch:Panotools,
	title = {Panorama Tools: Open Source Software for Immersive Imaging},
	author = {Dersch, Helmut},
	date = {2007},
	url = {http://webuser.fh-furtwangen.de/~dersch/IVRPA.pdf},
	OPTeventtitle = {International VR Photography Conference},
	OPTorganization = {Hochschule Furtwangen University},
	OPTlocation = {Berkeley},
}


@online{NeuroForge:OpenCV,
	title = {Getting Started with Python and OpenCV},
	author = {John Daniel Bell},
	organization = {NeuroForge},
	url = {http://www.neuroforge.co.uk/index.php/getting-started-with-python-a-opencv}
}

@online{Thuy:OpenCV,
	title = {Setup OpenCV for Python in Windows},
	author = {Luu Gia Thuy},
	date = {2011-02-26},
	url = {http://luugiathuy.com/2011/02/setup-opencv-for-python/}
}

@online{Krajnik:ArDrone,
	title = {ARDrone quadcopter in robotics research},
	author = {Tomas Krajnik},
	url = {http://labe.felk.cvut.cz/~tkrajnik/ardrone/}
}

@online{Esri:Sandy,
	title = {Hurricane Sandy: The AfterMap},
	organization = {Esri},
	url = {http://www.esri.com/services/disaster-response/hurricanes/hurricane-sandy-the-aftermap}
}

@online{Mechaly:Cornfield,
	title = {One flew over the cornfield},
	date = {2012-10-01},
	author = {André Méchaly},
	organization = {Alcatel Lucent},
	url = {http://www2.alcatel-lucent.com/blogs/corporate/2012/10/one-flew-over-the-cornfield/}
}


@online{Kumar:QuadrotorOverview,
	author = {Kumar, Vijay},
	title = {Robots that fly and cooperate},
	month = mar,
	year = {2012},
	url = {http://www.ted.com/talks/vijay_kumar_robots_that_fly_and_cooperate.htm},
	organization = {TED}
}


@online{Campoy:CommercialDronesExpensive,
	author = {Campoy, Ana},
	title = {The Law's New Eye in the Sky: Police Departments' Use of Drones Is Raising Concerns Over Privacy and Safety},
	date = {2011-12-13},
	url = {http://online.wsj.com/article/SB10001424052970204319004577088891361782010.html},
	organization = {The Wall Street Journal}
}

@online{Martinez:BostonBombingAerialImagery,
	author = {Martinez, Michael},
	title = {Police, citizens, technology lead to Boston bombing manhunt's success},
	date = {2013-4-19},
	url = {http://www.cnn.com/2013/04/20/us/boston-capture},
	organization = {CNN}
}

@online{Shankland:GeoEyeImagery,
	author = {Shankland, Stephen},
	title = {Google to buy GeoEye satellite imagery},
	date = {2008-08-29},
	url = {http://news.cnet.com/8301-1023_3-10028842-93.html?part=rss&subj=news&tag=2547-1023_3-0-5},
	organization = {CNET}
}

@image{Dkroetsch:AeryonPhoto,
	author = {Dkroetsch},
	title = {Aeryon \uppercase{S}cout \uppercase{M}icro with gyro stabilized camera payload},
	date = {2011-04-05},
	organization = {Wikipedia},
	url = {http://commons.wikimedia.org/wiki/File:Aeryon_Scout_With_Camera.jpg}
}

@online{aeryonscout:price,
	author = {Cameron Waite},
	title = {Aeryon Labs Drone Bid for Alameda County Police},
	date = {2012-08-06},
	url = {http://www.wired.com/images_blogs/threatlevel/2012/12/Aeryon-bid.pdf.pdf},
}

@online{ardrone2:specs,
	title = {AR.Drone 2.0 Technical Specifications},
	organization = {Parrot},
	url = {http://ardrone2.parrot.com/ardrone-2/specifications/},
}